<?xml version="1.0" encoding="UTF-8"?><collection xmlns="http://www.loc.gov/MARC21/slim"><record><leader>00541nam--2200145-i-4500</leader><controlfield tag="001">000014435</controlfield><controlfield tag="002">20161230</controlfield><controlfield tag="005">20161230201030</controlfield><controlfield tag="008">060222s1000------------r-----000-0-eng-d</controlfield><datafield ind1=" " ind2=" " tag="080"><subfield code="a">538.971:541.183:539.186</subfield></datafield><datafield ind1=" " ind2=" " tag="245"><subfield code="a">Dynamics of gas-surface interaction.proceeding s of the international school on material scie nce and technology, erice, italy, july 1-15, 1981.with 132 figures</subfield></datafield><datafield ind1=" " ind2=" " tag="260"><subfield code="a">Berlin, Springer-verlag, 1982. Xi + 282 P</subfield></datafield><datafield ind1=" " ind2=" " tag="490"><subfield code="a">Springer Series In Chemical Physics,</subfield></datafield><datafield ind1=" " ind2=" " tag="700"><subfield code="a">Benedek, G.And Valbusa, U</subfield></datafield><datafield ind1=" " ind2=" " tag="852"><subfield code="a">46905</subfield></datafield></record></collection>